% This file was created with JabRef 2.10.
% Encoding: UTF8


@Www{maps,
  Author                   = {Google and INEGI},
  Url                      = {www.google.com.mx/maps/},
  Year                     = {2017},

  Owner                    = {miguel},
  Timestamp                = {2017.03.14}
}

@Article{uavpotential,
  Title                    = {POTENTIAL OF UAV-BASED LASER SCANNER AND MULTISPECTRAL CAMERA DATA IN BUILDING INSPECTION.},
  Author                   = {Mader, D and Blaskow, R and Westfeld, P and Weller, C},
  Year                     = {2016},
  Pages                    = {1135--1142},

  Journal                  = {ISPRS-International Archives of the Photogrammetry, Remote Sensing and Spatial Information Sciences}
}

@Article{ndi,
  Title                    = {Verification of color vegetation indices for automated
crop imaging applications},
  Author                   = {George E. Meyer and Joao Camargo Neto},
  Date                     = {26 March 2008},
  Journaltitle             = {computers and electronics in agriculture},
  Year                     = {2008},

  Owner                    = {miguel},
  Timestamp                = {2017.03.14}
}

@Www{opencv,
  Title                    = {Template Matching},
  Author                   = {OpenCV},
  Date                     = {may 2017},
  Url                      = {www.opencv},
  Year                     = {2017},

  Owner                    = {miguel},
  Timestamp                = {2017.03.14}
}

@article{liu2014flying,
  title={Flying robot based viewpoint selection for the electricity transmission equipment inspection},
  author={Liu, Chang-an and Dong, Rui-fang and Wu, Hua},
  journal={Mathematical Problems in Engineering},
  volume={2014},
  year={2014},
  publisher={Hindawi Publishing Corporation}
}

@article{alexis2017realizing,
  title={Realizing the Aerial Robotic Worker for Inspection Operations},
  author={Alexis, Kostas},
  journal={arXiv preprint arXiv:1703.02640},
  year={2017}
}

@inproceedings{sadasivan2005use,
  title={Use of eye movements as feedforward training for a synthetic aircraft inspection task},
  author={Sadasivan, Sajay and Greenstein, Joel S and Gramopadhye, Anand K and Duchowski, Andrew T},
  booktitle={Proceedings of the SIGCHI conference on Human factors in computing systems},
  pages={141--149},
  year={2005},
  organization={ACM}
}

@article{gramopadhye2001use,
  title={Use of Computer Based Training to Improve Aircraft Inspection Performance},
  author={Gramopadhye, Anand K and Melloy, Brian J and Master, Reena and Khasawneh, Mohammad and Kaewkuekool, Sittichai and Watson, Jean},
  year={2001}
}


@article{vasquez2014volumetric,
  title={Volumetric next-best-view planning for 3d object reconstruction with positioning error},
  author={Vasquez-Gomez, J Irving and Sucar, L Enrique and Murrieta-Cid, Rafael and Lopez-Damian, Efrain},
  journal={International Journal of Advanced Robotic Systems},
  volume={11},
  number={10},
  pages={159},
  year={2014},
  publisher={SAGE Publications Sage UK: London, England}
}

@inproceedings{besl1992method,
  title={Method for registration of 3-D shapes},
  author={Besl, Paul J and McKay, Neil D},
  booktitle={Robotics-DL tentative},
  pages={586--606},
  year={1992},
  organization={International Society for Optics and Photonics}
}


@article{murtiyoso2014oblique,
  title={Oblique aerial photography tool for building inspection and damage assessment},
  author={Murtiyoso, A and Remondino, F and Rupnik, E and Nex, F and Grussenmeyer, P},
  journal={The International Archives of Photogrammetry, Remote Sensing and Spatial Information Sciences},
  volume={40},
  number={1},
  pages={309},
  year={2014},
  publisher={Copernicus GmbH}
}


@techreport{alberts1998automated,
  title={Automated inspection of aircraft},
  author={Alberts, CJ and Carroll, CW and Kaufman, WM and Perlee, CJ and Siegel, MW},
  year={1998},
  institution={DTIC Document}
}


@article{octomap,
  title={OctoMap: An efficient probabilistic 3D mapping framework based on octrees},
  author={Hornung, Armin and Wurm, Kai M and Bennewitz, Maren and Stachniss, Cyrill and Burgard, Wolfram},
  journal={Autonomous Robots},
  volume={34},
  number={3},
  pages={189--206},
  year={2013},
  publisher={Springer}
}


@book{szeliski2010computer,
  title={Computer vision: algorithms and applications},
  author={Szeliski, Richard},
  year={2010},
  publisher={Springer Science \& Business Media}
}



